@article{chadwick,
	author = 	"J. Chadwick",
	title  =	"Intensitatsverteilung im magnetischen Spektren der $\beta$-Strahlen von Radium B + C",
	journal = 	"Verh. Dtsch. Phys. Ges.",
	volume =	"16",
	pages = 	"383",
	year =		"1914",
}

@misc{pauli,
	author = 	"W. Pauli",
	title = 	"Open letter to the group of radioactive people at Gauvereins meeting in Tubingen",
	year =   	"1930"  	
}

@article{chadwick2,
        author =        "J. Chadwick",
        title  =        "The Existence of a Neutron",
        journal =       "Royal Society of London Proceedings Series A",
        volume =        "136",
        pages =         "692",
        year =          "1932",
}

@article{fermi,
        author =        "E. Fermi",
        title  =        "Versuch einer Theorie der $\beta$-Strahlen. I",
        journal =       "Zeitschrift fur Physik",
        volume =        "88",
        pages =         "161",
        year =          "1934",
}

@article{cowan,
        author =        "C. L. Cowan Jr. and F. Reines and F. B. Harrison and H. W. Kruse and A. D. McGuire",
        title  =        "Detection of the free neutrino: A confirmation",
        journal =       "Science",
        volume =        "124",
        pages =         "103",
        year =          "1956",
}

@article{danby,
        author =        "G. Danby and J-M. Gaillard and K. Goulianos and L. M. Lederman and N. Mistry and 
     			M. Schwartz and J. Steinberger",
        title  =        "Observation of high-energy neutrino reactions and the existence of two kinds of neutrinos",
        journal =       "Phys. Rev. Lett.",
        volume =        "9",
        pages =         "36",
        year =          "1962",
}

@article{arnison,
        author =        "G. Arnison et. al. (UA1 Collaboration)",
        title  =        "Experimental observation of isolated large transverse energy electrons 
			with associated missing energy at $s=540$ GeV",
        journal =       "Physics Letters B",
        volume =        "122",
        pages =         "103",
        year =          "1983",
}

@article{arnison2,
        author =        "G. Arnison et. al. (UA1 Collaboration)",
        title  =        "Experimental observation of lepton pairs of invariant mass around 
			95 $GeV/c^2$ at the CERN SPS collider",
        journal =       "Physics Letters B",
        volume =        "126",
        pages =         "398",
        year =          "1983",
}

@article{decamp,
        author =  	"D. DeCamp et. al. (ALEPH Collaboration)",      
        title  =        "Determination of the number of light neutrino species",
        journal =       "Physics Letters B",
        volume =        "231",
        pages =         "519",
        year =          "1989",
}

@article{perl,
        author =        "M. L. Perl et. al.",
        title  =        "Evidence for Anomalous Lepton Production in $e^+e^-$ Annihilation",
        journal =       "Physical Review Letters",
        volume =        "35",
        pages =         "22",
        year =          "1975",
}

@article{kodama,
        author =        "K. Kodama et. al. (DONUT Collaboration)",
        title  =        "Observation of tau neutrino interactions",
        journal =       "Physics Letters B",
        volume =        "504",
        pages =         "218",
        year =          "2001",
}

@article{pontecorvo,
        author =        "B. Pontecorvo",
        title  =        "Mesonium and antimesonium",
        journal =       "Zhur. Eksptl. i Teoret. Fiz.",
        volume =        "",
        pages =         "",
        year =          "1957",
}

@article{maki,
        author =        "Z. Maki and M. Nakagawa and S. Sakata",
        title  =        "Remarks on the Unified Model of Elementary Particles",
        journal =       "Prog. Theor. Phys.",
        volume =        "28",
        pages =         "870",
        year =          "1962",
}

@article{davis,
        author =        "R. Davis and D. Harmer and K. Hoffman",
        title  =        "Search for neutrinos from the sun",
        journal =       "Phys. Rev. Lett.",
        volume =        "20",
        pages =         "1205",
        year =          "1968",
}

@article{bahcall,
        author =        "John N. Bahcall",
        title  =        "Solar neutrino cross sections and nuclear beta decay",
        journal =       "Phys. Rev. B",
        volume =        "135",
        pages =         "137",
        year =          "1964",
}

@article{suzuki,
        author =        "Y. Suzuki",
        title  =        "Kamiokande and super-kamiokande",
        journal =       "Progress in Particle and Nuclear Physics",
        volume =        "40(0)",
        pages =         "427",
        year =          "1998",
}

@article{mcdonald,
        author =        "A. B. McDonald et. al. (SNO Collaboration)",
        title  =        "First neutrino observations from the Sudbury Neutrino Observatory",
        journal =       "Nuclear Physics B - Proceedings Supplements",
        volume =        "91(13)",
        pages =         "21",
        year =          "2001",
}

@phdthesis{numi,
	author = 	"R. Zwaska",
	title =		"Accelerator systems and instrumentation for the NuMI neutrino beam",
	school =	"University of Texas",
	year = 		"2005",
}

@article{MEC,
	author = 	"T. Katori",
	title = 	"Meson Exchange Current (MEC) Models in Neutrino Interaction Generators",
	journal = 	"AIP Conf. Proc.",
	volume = 	"1663",
	year = 		"2015",
	pages = 	"030001",
	doi = 		"10.1063/1.4919465",
	}

%%%%%%%%%%%%%%%%%%%%%%%%%%%%%%%%%%%%%
%%%   Examples
%%%%%%%%%%%%%%%%%%%%%%%%%%%%%%%%%%%%%

@book{latexcompanion,
    author    = "Michel Goossens and Frank Mittelbach and Alexander Samarin",
    title     = "The \LaTeX\ Companion",
    year      = "1993",
    publisher = "Addison-Wesley",
    address   = "Reading, Massachusetts"
}
 
@misc{knuthwebsite,
    author    = "Donald Knuth",
    title     = "Knuth: Computers and Typesetting",
    url       = "http://www-cs-faculty.stanford.edu/\~{}uno/abcde.html"
}
